<?xml version="1.0" encoding="UTF-8"?><collection xmlns="http://www.loc.gov/MARC21/slim"><record><leader>00360nam--2200133-i-4500</leader><controlfield tag="001">000015877</controlfield><controlfield tag="002">20161230</controlfield><controlfield tag="005">20161230201031</controlfield><controlfield tag="008">060222s1000------------r-----000-0-eng-d</controlfield><datafield ind1=" " ind2=" " tag="080"><subfield code="a">338</subfield></datafield><datafield ind1=" " ind2=" " tag="100"><subfield code="a">Barbacioru, Victoria Si Bica, Florin</subfield></datafield><datafield ind1=" " ind2=" " tag="245"><subfield code="a">Calculatia costurilor asistata de calculator</subfield></datafield><datafield ind1=" " ind2=" " tag="260"><subfield code="a">Craiova, Scrisul Romanesc, 1987. 244 P</subfield></datafield><datafield ind1=" " ind2=" " tag="852"><subfield code="a">74162</subfield></datafield></record></collection>